<record><leader>00000cas a2200000 a 4500</leader><controlfield tag="001">13825799</controlfield><controlfield tag="008">860707d18301833tnuwr ne      0    0eng d</controlfield><datafield ind1=" " ind2=" " tag="010"><subfield code="a">sn 86077117 </subfield></datafield><datafield ind1=" " ind2=" " tag="040"><subfield code="a">NPA</subfield><subfield code="b">eng</subfield><subfield code="c">NPA</subfield><subfield code="d">NPX</subfield><subfield code="d">KNP</subfield><subfield code="d">TGN</subfield><subfield code="d">OCL</subfield><subfield code="d">OCLCQ</subfield><subfield code="d">OCLCF</subfield><subfield code="d">OCLCO</subfield></datafield><datafield ind1=" " ind2=" " tag="042"><subfield code="a">msc</subfield></datafield><datafield ind1=" " ind2="4" tag="082"><subfield code="a">071</subfield></datafield><datafield ind1="0" ind2="0" tag="245"><subfield code="a">Sparta recorder and law journal.</subfield></datafield><datafield ind1="3" ind2=" " tag="246"><subfield code="a">Recorder and law journal</subfield></datafield><datafield ind1="1" ind2="7" tag="246"><subfield code="a">Recorder &amp; law journal</subfield></datafield><datafield ind1=" " ind2=" " tag="260"><subfield code="a">Sparta [Tenn.] :</subfield><subfield code="b">Anderson &amp; Long,</subfield><subfield code="c">-1833.</subfield></datafield><datafield ind1=" " ind2=" " tag="300"><subfield code="a">v. ;</subfield><subfield code="c">32 cm.</subfield></datafield><datafield ind1=" " ind2=" " tag="310"><subfield code="a">Weekly</subfield></datafield><datafield ind1="1" ind2=" " tag="362"><subfield code="a">Began in 1830?</subfield><subfield code="z">Cf. NIM.</subfield></datafield><datafield ind1="0" ind2=" " tag="362"><subfield code="a">-v. 3, no. 52 (Aug. 24, 1833).</subfield></datafield><datafield ind1=" " ind2=" " tag="500"><subfield code="a">Publishers: John H. Anderson &amp; Medicus A. Long, &lt;1830&gt;; Medicus A. Long, &lt;1831&gt;-1833.</subfield></datafield><datafield ind1=" " ind2="0" tag="651"><subfield code="a">Sparta (Tenn.)</subfield><subfield code="v">Newspapers.</subfield></datafield><datafield ind1=" " ind2="0" tag="651"><subfield code="a">White County (Tenn.)</subfield><subfield code="v">Newspapers.</subfield></datafield><datafield ind1=" " ind2="7" tag="655"><subfield code="a">Newspapers.</subfield><subfield code="2">fast</subfield><subfield code="0">(OCoLC)fst01423814</subfield></datafield><datafield ind1=" " ind2="7" tag="651"><subfield code="a">Tennessee</subfield><subfield code="z">Sparta.</subfield><subfield code="2">fast</subfield><subfield code="0">(OCoLC)fst01221708</subfield></datafield><datafield ind1=" " ind2="7" tag="651"><subfield code="a">Tennessee</subfield><subfield code="z">White County.</subfield><subfield code="2">fast</subfield><subfield code="0">(OCoLC)fst01215796</subfield></datafield><datafield ind1=" " ind2=" " tag="752"><subfield code="a">United States</subfield><subfield code="b">Tennessee</subfield><subfield code="c">White</subfield><subfield code="d">Sparta.</subfield></datafield></record>